<?xml version="1.0" encoding="UTF-8"?><collection xmlns="http://www.loc.gov/MARC21/slim"><record><leader>00540nam--2200181-u-4500</leader><controlfield tag="001">000054607</controlfield><controlfield tag="002">20161230</controlfield><controlfield tag="005">20161230201051</controlfield><controlfield tag="008">120330s1000------------r-----000-0-fre-d</controlfield><datafield ind1=" " ind2=" " tag="040"><subfield code="a">IFIN-HH</subfield></datafield><datafield ind1=" " ind2=" " tag="041"><subfield code="a">fre</subfield></datafield><datafield ind1=" " ind2=" " tag="080"><subfield code="a">539.144.6(043)</subfield></datafield><datafield ind1="1" ind2=" " tag="100"><subfield code="a">Rastegar, Bijan</subfield></datafield><datafield ind1="1" ind2="0" tag="245"><subfield code="a">Etude des noyaux 28mg et 32si probalite de transitions electromagnetiques et caracteristiques spectroscopiques</subfield><subfield code="b">These</subfield><subfield code="c">Bijan rastegar</subfield></datafield><datafield ind1=" " ind2=" " tag="260"><subfield code="a">Strasbourg</subfield><subfield code="b">Universite</subfield><subfield code="c">1973</subfield></datafield><datafield ind1=" " ind2=" " tag="300"><subfield code="a">165P</subfield></datafield><datafield ind1=" " ind2=" " tag="852"><subfield code="a">43414</subfield><subfield code="c">539.14</subfield></datafield><datafield ind1=" " ind2=" " tag="CAT"><subfield code="a">Sys</subfield><subfield code="c">20120330</subfield><subfield code="h">143935</subfield></datafield></record></collection>